<record><leader>00000cas a22000007a 4500</leader><controlfield tag="001">12631919</controlfield><controlfield tag="008">851003d18711991nyuwr ne      0    0eng d</controlfield><datafield ind1=" " ind2=" " tag="010"><subfield code="a">sn 85026819 </subfield></datafield><datafield ind1=" " ind2=" " tag="040"><subfield code="a">NPX</subfield><subfield code="b">eng</subfield><subfield code="c">NPX</subfield><subfield code="d">NYS</subfield><subfield code="d">OCL</subfield><subfield code="d">NYS</subfield><subfield code="d">OCLCQ</subfield></datafield><datafield ind1=" " ind2=" " tag="042"><subfield code="a">msc</subfield></datafield><datafield ind1="0" ind2=" " tag="130"><subfield code="a">New Berlin gazette (New Berlin, N.Y. : 1871)</subfield></datafield><datafield ind1="1" ind2="4" tag="245"><subfield code="a">The New Berlin gazette.</subfield></datafield><datafield ind1=" " ind2=" " tag="260"><subfield code="a">New Berlin, N.Y. :</subfield><subfield code="b">Fox &amp; Littlewood</subfield></datafield><datafield ind1=" " ind2=" " tag="300"><subfield code="a">v. ;</subfield><subfield code="c">55-64 cm.</subfield></datafield><datafield ind1=" " ind2=" " tag="310"><subfield code="a">Weekly</subfield></datafield><datafield ind1="1" ind2=" " tag="362"><subfield code="a">Began in Feb. 1871.</subfield><subfield code="z">Cf. Hist. of Chenango and Madison Counties, N.Y., 1880.</subfield></datafield><datafield ind1="0" ind2=" " tag="362"><subfield code="a">-v. 141, no. 39 (Sept. 26, 1991).</subfield></datafield><datafield ind1=" " ind2=" " tag="500"><subfield code="a">Publishers: Fox &amp; Littlewood, &lt;1873&gt;; Joseph K. Fox, &lt;1876-1887&gt;; R. Stillman, &lt;1889&gt;; Fox &amp; Willard, &lt;1895&gt;-1898; George H. Willard, 1898-&lt;1923&gt;; Christopher J. Burke, Sr., &lt;1959-1983&gt;; James C. and Gayle M. Austin, &lt;1986&gt;.</subfield></datafield><datafield ind1=" " ind2=" " tag="500"><subfield code="a">Editor: Joseph K. Fox, &lt;1873-1900&gt;.</subfield></datafield><datafield ind1=" " ind2=" " tag="515"><subfield code="a">Old ser. numbering dropped by: &lt;Dec. 27, 1890&gt;; New ser. designation dropped after &lt;Mar. 23, 1895&gt; and old ser. designation resumed by &lt;July 27, 1903&gt;.</subfield></datafield><datafield ind1=" " ind2=" " tag="588"><subfield code="a">Description based on: Vol. 13, no. 40 (Feb. 8, 1873) = New ser., v. 2, no. 49.</subfield></datafield><datafield ind1=" " ind2="4" tag="651"><subfield code="a">New Berlin (N.Y.)</subfield><subfield code="v">Newspapers.</subfield></datafield><datafield ind1=" " ind2=" " tag="752"><subfield code="a">United States</subfield><subfield code="b">New York</subfield><subfield code="c">Chenango</subfield><subfield code="d">New Berlin.</subfield></datafield><datafield ind1="0" ind2="0" tag="780"><subfield code="t">New Berlin pioneer</subfield><subfield code="w">(DLC)sn 91066346</subfield><subfield code="w">(OCoLC)23884344</subfield></datafield><datafield ind1="0" ind2="5" tag="780"><subfield code="t">Otsego-Chenango bee journal chronicle</subfield><subfield code="g">1968</subfield><subfield code="w">(DLC)sn 91066324</subfield><subfield code="w">(OCoLC)24101806</subfield></datafield><datafield ind1="0" ind2="0" tag="785"><subfield code="t">Gazette (New Berlin, N.Y.)</subfield><subfield code="w">(DLC)sn 92061738</subfield><subfield code="w">(OCoLC)25490997</subfield></datafield><datafield ind1="1" ind2=" " tag="029"><subfield code="a">AU@</subfield><subfield code="b">000021134977</subfield></datafield></record>